<record><leader>00000cas a22000007a 4500</leader><controlfield tag="001">13922176</controlfield><controlfield tag="008">860724d19331941paudn ne      0    0eng d</controlfield><datafield ind1=" " ind2=" " tag="010"><subfield code="a">sn 86081715 </subfield></datafield><datafield ind1=" " ind2=" " tag="040"><subfield code="a">NPH</subfield><subfield code="b">eng</subfield><subfield code="c">NPH</subfield><subfield code="d">OCLCQ</subfield></datafield><datafield ind1="0" ind2="0" tag="245"><subfield code="a">Milton evening standard and Miltonian.</subfield></datafield><datafield ind1="1" ind2="3" tag="246"><subfield code="a">Milton evening standard</subfield></datafield><datafield ind1=" " ind2=" " tag="260"><subfield code="a">Milton, Pa. :</subfield><subfield code="b">William Penn Hastings,</subfield><subfield code="c">1933-1941.</subfield></datafield><datafield ind1=" " ind2=" " tag="300"><subfield code="a">8 v.</subfield></datafield><datafield ind1=" " ind2=" " tag="310"><subfield code="a">Daily (except Sunday)</subfield></datafield><datafield ind1="0" ind2=" " tag="362"><subfield code="a">Forty third yr., no. 12,306 (Mar. 17, 1933)-51st year, no. 15,498 (Apr. 15, 1941).</subfield></datafield><datafield ind1=" " ind2=" " tag="752"><subfield code="a">United States</subfield><subfield code="b">Pennsylvania</subfield><subfield code="c">Northumberland</subfield><subfield code="d">Milton.</subfield></datafield><datafield ind1="0" ind2="4" tag="780"><subfield code="t">Miltonian (Milton, Pa. : 1858)</subfield><subfield code="w">(DLC)sn 86063524</subfield></datafield><datafield ind1="0" ind2="4" tag="780"><subfield code="t">Milton evening standard (Milton, Pa. : 1900)</subfield><subfield code="w">(DLC)sn 86081714</subfield></datafield><datafield ind1="0" ind2="0" tag="785"><subfield code="t">Milton evening standard (Milton, Pa : 1941)</subfield><subfield code="w">(DLC)sn 86081716</subfield></datafield></record>